@article{akin:EGADS:2016,
  title={The iterated prisoner's dilemma: good strategies and their dynamics},
  author={Akin, Ethan},
  journal={Ergodic Theory, Advances in Dynamical Systems},
  pages={77--107},
  year={2016},
  publisher={de Gruyter Berlin}
}