@article{akin:EGADS:2016,
  title={The iterated prisoner's dilemma: good strategies and their dynamics},
  author={Akin, Ethan},
  journal={Ergodic Theory, Advances in Dynamical Systems},
  pages={77--107},
  year={2016},
  publisher={de Gruyter Berlin}
}

@article{baek:scientific:2016,
  title={Comparing reactive and memory-one strategies of direct reciprocity},
  author={Baek, Seung Ki and Jeong, Hyeong-Chai and Hilbe, Christian and Nowak, Martin A},
  journal={Scientific Reports},
  volume={6},
  number={1},
  pages={1--13},
  year={2016},
  publisher={Nature Publishing Group}
}

@article{wahl:JTB:1999,
  title={The continuous prisoner's dilemma: I. linear reactive strategies},
  author={Wahl, Lindi M and Nowak, Martin A},
  journal={Journal of Theoretical Biology},
  volume={200},
  number={3},
  pages={307--321},
  year={1999},
  publisher={Elsevier}
}

@article{hilbe:PNAS:2017,
  title={Memory-n strategies of direct reciprocity},
  author={Hilbe, Christian and Martinez-Vaquero, Luis A and Chatterjee, Krishnendu and Nowak, Martin A},
  journal={Proceedings of the National Academy of Sciences},
  volume={114},
  number={18},
  pages={4715--4720},
  year={2017},
  publisher={National Acad Sciences}
}

@article{sigmund:JTB:1989,
  title={Oscillations in the evolution of reciprocity},
  author={Sigmund, Karl},
  journal={J. theor. Biol},
  volume={137},
  pages={21--26},
  year={1989}
}

@article{glynatsi:scientific:2020,
  title={Using a theory of mind to find best responses to memory-one strategies},
  author={Glynatsi, Nikoleta E and Knight, Vincent A},
  journal={Scientific reports},
  volume={10},
  number={1},
  pages={1--9},
  year={2020},
  publisher={Nature Publishing Group}
}

@article{press:PNAS:2012,
  title={Iterated Prisonerâ€™s Dilemma contains strategies that dominate any evolutionary opponent},
  author={Press, William H and Dyson, Freeman J},
  journal={Proceedings of the National Academy of Sciences},
  volume={109},
  number={26},
  pages={10409--10413},
  year={2012},
  publisher={National Acad Sciences}
}

@article{imhof:royal:2010,
  title={Stochastic evolutionary dynamics of direct reciprocity},
  author={Imhof, Lorens A and Nowak, Martin A},
  journal={Proceedings of the Royal Society B: Biological Sciences},
  volume={277},
  number={1680},
  pages={463--468},
  year={2010},
  publisher={The Royal Society}
}

@article{stewart:scientific:2016,
  title={Small groups and long memories promote cooperation},
  author={Stewart, Alexander J and Plotkin, Joshua B},
  journal={Scientific reports},
  volume={6},
  number={1},
  pages={1--11},
  year={2016},
  publisher={Nature Publishing Group}
}

@article{fundenberg:JSTOR:1990,
  title={Evolution and cooperation in noisy repeated games},
  author={Fundenberg, Drew and Maskin, Eric},
  journal={The American Economic Review},
  volume={80},
  number={2},
  pages={274--279},
  year={1990},
  publisher={JSTOR}
}

@article{nowak:AAM:1990,
  title={The evolution of stochastic strategies in the prisoner's dilemma},
  author={Nowak, Martin and Sigmund, Karl},
  journal={Acta Applicandae Mathematicae},
  volume={20},
  number={3},
  pages={247--265},
  year={1990}
}

@article{axelrod:AAAS:1981,
  title={The evolution of cooperation},
  author={Axelrod, Robert and Hamilton, William D},
  journal={science},
  volume={211},
  number={4489},
  pages={1390--1396},
  year={1981},
  publisher={American Association for the Advancement of Science}
}

@article{mcavoy:PRSA:2019,
  title={Reactive learning strategies for iterated games},
  author={McAvoy, Alex and Nowak, Martin A},
  journal={Proceedings of the Royal Society A},
  volume={475},
  number={2223},
  pages={20180819},
  year={2019},
  publisher={The Royal Society Publishing}
}

@article{beasley:EJOR:1987,
  title={An algorithm for set covering problem},
  author={Beasley, John E},
  journal={European Journal of Operational Research},
  volume={31},
  number={1},
  pages={85--93},
  year={1987},
  publisher={Elsevier}
}
@article{Nowak:AMC:1989,
  title={Game-dynamical aspects of the prisoner's dilemma},
  author={Nowak, Martin and Sigmund, Karl},
  journal={Applied Mathematics and Computation},
  volume={30},
  number={3},
  pages={191--213},
  year={1989},
  publisher={Elsevier}
}